@article{Shahbazi2005,
title = "An explicit expression for the penalty parameter of the interior penalty method",
journal = "Journal of Computational Physics",
volume = "205",
number = "2",
pages = "401 - 407",
year = "2005",
issn = "0021-9991",
doi = "https://doi.org/10.1016/j.jcp.2004.11.017",
url = "http://www.sciencedirect.com/science/article/pii/S0021999104004796",
author = "Khosro Shahbazi",
keywords = "Interior penalty method, Penalty parameter, Discontinuous Galerkin methods, High order method"
}

@article{Hartmann2007,
  author = {Ralf Hartmann},
  title = {Adjoint Consistency Analysis of Discontinuous Galerkin Discretizations},
  journal = {SIAM Journal on Numerical Analysis},
  volume = {45},
  number = {6},
  pages = {2671-2696},
  year = {2007},
  doi = {10.1137/060665117},
  
  URL = { 
  https://doi.org/10.1137/060665117
  
  },
  eprint = { 
  https://doi.org/10.1137/060665117 
  } 
}

@article{Hicken2011,
	author = {Jason E. Hicken and David W. Zingg},
	title = {Superconvergent Functional Estimates from Summation-By-Parts Finite-Difference Discretizations},
	journal = {SIAM Journal on Scientific Computing},
	volume = {33},
	number = {2},
	pages = {893-922},
	year = {2011},
	doi = {10.1137/100790987},
	
	URL = { 
	https://doi.org/10.1137/100790987
	
	},
	eprint = { 
	https://doi.org/10.1137/100790987
	
	}
	
}